<?xml version="1.0" encoding="UTF-8"?><collection xmlns="http://www.loc.gov/MARC21/slim"><record><leader>00493nam--2200157-i-4500</leader><controlfield tag="001">000001042</controlfield><controlfield tag="002">20161230</controlfield><controlfield tag="005">20161230201024</controlfield><controlfield tag="008">060222s1000------------r-----000-0-eng-d</controlfield><datafield ind1=" " ind2=" " tag="080"><subfield code="a">530.145.6:539.12</subfield></datafield><datafield ind1=" " ind2=" " tag="100"><subfield code="a">Hermann, Robert</subfield></datafield><datafield ind1=" " ind2=" " tag="245"><subfield code="a">The geometry of non-linear differential equations backlund transformations, and solitons</subfield></datafield><datafield ind1=" " ind2=" " tag="260"><subfield code="a">Brookline, Math Sci Press, 1976, X + 313 P</subfield></datafield><datafield ind1=" " ind2=" " tag="490"><subfield code="a">Interdisciplinary Mathematics Vol. Xii</subfield></datafield><datafield ind1=" " ind2=" " tag="852"><subfield code="a">42776</subfield></datafield><datafield ind1=" " ind2=" " tag="CAT"><subfield code="a">Sys</subfield><subfield code="c">20080410</subfield><subfield code="h">110622</subfield></datafield></record></collection>